<record><leader>00000cas a22000007a 4500</leader><controlfield tag="001">11637546</controlfield><controlfield tag="008">850130d18711875wiuwr ne      0    0eng d</controlfield><datafield ind1=" " ind2=" " tag="010"><subfield code="a">sn 85033059 </subfield></datafield><datafield ind1=" " ind2=" " tag="040"><subfield code="a">NPU</subfield><subfield code="b">eng</subfield><subfield code="c">NPU</subfield><subfield code="d">NPV</subfield><subfield code="d">OCLCQ</subfield></datafield><datafield ind1=" " ind2=" " tag="042"><subfield code="a">msc</subfield></datafield><datafield ind1=" " ind2=" " tag="045"><subfield code="a">w7w7</subfield></datafield><datafield ind1=" " ind2=" " tag="052"><subfield code="a">4123</subfield><subfield code="b">G7</subfield></datafield><datafield ind1="0" ind2=" " tag="130"><subfield code="a">Brodhead independent (Brodhead, Wis. : 1871)</subfield></datafield><datafield ind1="1" ind2="4" tag="245"><subfield code="a">The Brodhead independent.</subfield></datafield><datafield ind1="1" ind2="3" tag="246"><subfield code="a">Independent</subfield></datafield><datafield ind1=" " ind2=" " tag="260"><subfield code="a">Brodhead, Wis. :</subfield><subfield code="b">E.O. Kimberley,</subfield><subfield code="c">-1875.</subfield></datafield><datafield ind1=" " ind2=" " tag="300"><subfield code="a">v. ;</subfield><subfield code="c">60 cm.</subfield></datafield><datafield ind1=" " ind2=" " tag="310"><subfield code="a">Weekly</subfield></datafield><datafield ind1="0" ind2=" " tag="362"><subfield code="a">-v. 15, no. 15 (Aug. 13, 1875).</subfield></datafield><datafield ind1="1" ind2=" " tag="362"><subfield code="a">Began 1871?</subfield></datafield><datafield ind1=" " ind2=" " tag="500"><subfield code="a">Publisher varies.</subfield></datafield><datafield ind1=" " ind2=" " tag="500"><subfield code="a">Editors: E.O. Kimberley, &lt;May 12, 1871&gt;-&lt;Dec. 13, 1872&gt;; W.C. Stone, &lt;Aug. 14, 1874&gt;-&lt;Oct. 16, 1874&gt;; C.M. Morse, &lt;June 25, 1875&gt;-&lt;July 2, 1875&gt;.</subfield></datafield><datafield ind1=" " ind2=" " tag="515"><subfield code="a">Whole numbering ceased with &lt;No. 712&gt;.</subfield></datafield><datafield ind1=" " ind2=" " tag="530"><subfield code="a">Available on microfilm from The State Historical Society of Wisconsin.</subfield></datafield><datafield ind1=" " ind2=" " tag="588"><subfield code="a">Description based on: Vol. 11, no. 7 (May 12, 1871) = Whole no. 529.</subfield></datafield><datafield ind1=" " ind2=" " tag="752"><subfield code="a">United States</subfield><subfield code="b">Wisconsin</subfield><subfield code="c">Green</subfield><subfield code="d">Brodhead.</subfield></datafield><datafield ind1="0" ind2="0" tag="785"><subfield code="t">Independent (Brodhead, Wis. : 1875)</subfield><subfield code="w">(DLC)sn 86086242</subfield></datafield><datafield ind1="1" ind2=" " tag="029"><subfield code="a">AU@</subfield><subfield code="b">000023457592</subfield></datafield></record>